@BOOKLET{pflug2022,
  AUTHOR = {Pflug, Hans Joachim},
  PUBLISHER = {IT Center, RWTH Aachen},
  URL = {https://www.matse.itc.rwth-aachen.de/dienste/public/show_document.php?id=59769989},
  DATE = {2022-04-19},
  HOWPUBLISHED = {Vorlesungsskript},
  TITLE = {Programmierung mit Java},
}

@BOOKLET{pflug2023,
  AUTHOR = {Pflug, Hans Joachim},
  PUBLISHER = {IT Center, RWTH Aachen},
  DATE = {2023-01-04},
  HOWPUBLISHED = {Vorlesungsskript},
  SUBTITLE = {Zusatzkapitel},
  TITLE = {Programmierung mit Java},
}

