@booklet{pflug2022,
	url = {https://www.matse.itc.rwth-aachen.de/dienste/public/show_document.php?id=59769989},
	publisher = {IT Center, RWTH Aachen},
	author = {Hans Joachim Pflug},
	title = {Programmierung mit Java},
    howpublished = {Vorlesungsskript},
	date = {2022-04-19}
}
@booklet{pflug2023,
	publisher = {IT Center, RWTH Aachen},
	author = {Hans Joachim Pflug},
	title = {Programmierung mit Java},
    subtitle     = {Zusatzkapitel},
    howpublished = {Vorlesungsskript},
	date = {2023-01-04}
}