@book{KÃ¼ppers2022,
	doi = {10.1007/978-3-658-37838-7},
	url = {https://doi.org/10.1007/978-3-658-37838-7},
	year = {2022},
	publisher = {Springer Fachmedien Wiesbaden},
	author = {Bastian K\"{u}ppers},
	title = {Einf\"{u}hrung in die Informatik},
	subtitle = {Theoretische und praktische Grundlagen},
	date = {27.10.2020},
	isbn = {978-3-658-37838-7}
}
